@INPROCEEDINGS{INTRO:1,
    author={J. Gantz, D. Reinsel},
    booktitle={IDC iView: IDC Anal. Future},
    title={The digital universe in 2020: Big data bigger digital shadows and biggest growth in the far east},
    year={2012},
    volume={2007},
    pages={1-16},
    month={December},
}

@ARTICLE{INTRO:7123563,
    author={A. Al-Fuqaha and M. Guizani and M. Mohammadi and M. Aledhari and M. Ayyash},
    journal={IEEE Communications Surveys Tutorials},
    title={Internet of Things: A Survey on Enabling Technologies, Protocols, and Applications},
    year={2015},
    volume={17},
    number={4},
    pages={2347-2376},
    keywords={Internet of Things;mobile communication;protocols;radiofrequency identification;Internet of Things;RFID;smart sensors;communication technologies;Internet protocols;machine-to-machine;M2M technologies;intelligent decision making;fog computing;big data analytics;cloud computing;Internet of things;Computer architecture;Radiofrequency identification;Intelligent sensors;Mobile communication;Internet of things;IoT;CoAP;MQTT;AMQP;XMPP;DDS;mDNS;IoT Gateway;Internet of Things (IoT);CoAP;MQTT;AMQP;XMPP;DDS;mDNS;IoT gateway},
    doi={10.1109/COMST.2015.2444095},
    ISSN={1553-877X},
    month={Fourthquarter},
}

@mics{ATTACK:1,
    author = {Mikhail Kuzin, Yaroslav Shmelev, Vladimir Kuskov},
    title  = {New trends in the world of IoT threats},
    date   = {2018-09},
    url    = {https://securelist.com/new-trends-in-the-world-of-iot-threats/87991/},
}

@INPROCEEDINGS{STAGE:6188257,
    author={H. Suo and J. Wan and C. Zou and J. Liu},
    booktitle={2012 International Conference on Computer Science and Electronics Engineering},
    title={Security in the Internet of Things: A Review},
    year={2012},
    volume={3},
    number={},
    pages={648-651}, 
    keywords={cryptography;data privacy;Internet;sensors;Internet of things;privacy;security architecture;security requirements;encryption mechanism;communication security;sensor data protecting;cryptographic algorithms;Encryption;Internet;Privacy;Algorithm design and analysis;Business;internet of things;security;privacy;confidentiality;challenges},
    doi={10.1109/ICCSEE.2012.373},
    ISSN={},
    month={March}
}

@ARTICLE{ATTACK:7971869,
    author={C. Kolias and G. Kambourakis and A. Stavrou and J. Voas},
    journal={Computer},
    title={DDoS in the IoT: Mirai and Other Botnets},
    year={2017},
    volume={50},
    number={7},
    pages={80-84},
    keywords={computer network security;Internet of Things;invasive software;DDoS;Mirai botnet;Internet of Things device security;Internet infrastructure;disruptive distributed denial-of-service attacks;IoT;Computer crime;Servers;Malware;Ports (Computers);Internet;IP networks;Computer security;Risk management;Distributed processing;Cybertrust;security;cybersecurity;distributed denial of service;DDoS;Internet of Things;IoT;botnet;Mirai;Persirai;Hajime;BrickerBot;malware},
    doi={10.1109/MC.2017.201},
    ISSN={0018-9162},
    month={},
}

@INPROCEEDINGS{ISSUE1,
    author={Z. Zhang and M. C. Y. Cho and C. Wang and C. Hsu and C. Chen and S. Shieh},
    booktitle={2014 IEEE 7th International Conference on Service-Oriented Computing and Applications},
    title={IoT Security: Ongoing Challenges and Research Opportunities},
    year={2014},
    volume={},
    number={},
    pages={230-234},
    keywords={data privacy;Internet;Internet of Things;invasive software;IoT security;Internet-of-things;wearable devices;home appliances;Internet;information security preservation;authenticity;malware;Malware;Software;Cryptography;Internet of Things;Androids;Humanoid robots;Internet of Things;information security;naming;identification;authenticity;malware},
    doi={10.1109/SOCA.2014.58},
    ISSN={2163-2871},
    month={Nov},
}

@INPROCEEDINGS{ISSUE2,
    author={R. Mahmoud and T. Yousuf and F. Aloul and I. Zualkernan},
    booktitle={2015 10th International Conference for Internet Technology and Secured Transactions (ICITST)},
    title={Internet of things (IoT) security: Current status, challenges and prospective measures},
    year={2015},
    volume={},
    number={},
    pages={336-341},
    keywords={computer network security;Internet of Things;security of data;wireless LAN;Internet of Things security;IoT security;three-layer architecture;perception layer;network layer;application layer;Sensors;Internet;Wireless sensor networks;Protocols;Encryption;Transportation;Internet of things;IoT;Security},
    doi={10.1109/ICITST.2015.7412116},
    ISSN={},
    month={Dec},
}

@INPROCEEDINGS{AUTH1,
    author={M. Saadeh and A. Sleit and M. Qatawneh and W. Almobaideen},
    booktitle={2016 Cybersecurity and Cyberforensics Conference (CCC)},
    title={Authentication Techniques for the Internet of Things: A Survey},
    year={2016},
    volume={},
    number={},
    pages={28-34},
    keywords={authorisation;Internet of Things;trusted computing;Internet of Things;trusted communication;IoT objects;IoT authentication techniques;distributed feature;centralized feature;flat feature;hierarchical feature;security analysis;Internet of Things;authentication techniques;security attacks;IoT architectures},
    doi={10.1109/CCC.2016.22},
    ISSN={},
    month={Aug},
}

@INPROCEEDINGS{PRIVACY1,
    author={G. Kalogridis and C. Efthymiou and S. Z. Denic and T. A. Lewis and R. Cepeda},
    booktitle={2010 First IEEE International Conference on Smart Grid Communications},
    title={Privacy for Smart Meters: Towards Undetectable Appliance Load Signatures},
    year={2010},
    volume={},
    number={},
    pages={232-237},
    keywords={data privacy;load management;metering;secondary cells;load signature;privacy of information;smart metering;electrical power routing;power management model;rechargeable battery;power mixing algorithm;privacy metrics;home energy management;Batteries;Privacy;Home appliances;Measurement;Entropy;Data privacy;Smart grids},
    doi={10.1109/SMARTGRID.2010.5622047},
    ISSN={},
    month={Oct},
}

@ARTICLE{PRIVACY2,
    author={T. Song and R. Li and B. Mei and J. Yu and X. Xing and X. Cheng},
    journal={IEEE Internet of Things Journal},
    title={A Privacy Preserving Communication Protocol for IoT Applications in Smart Homes},
    year={2017},
    volume={4},
    number={6},
    pages={1844-1852},
    keywords={cryptographic protocols;data integrity;data privacy;home automation;Internet of Things;private key cryptography;symmetric encryption scheme;chaotic systems;data integrity;authenticity;communication overhead;IoT applications;Internet of Things;smart home systems;SHSs;home automation;data transmissions;security analysis;Privacy Preserving Communication Protocol;secret keys;Smart homes;Sensors;Home appliances;Chaotic communication;Computer architecture;Cryptography;Chaotic systems;Internet of Things (IoT);privacy preservation;smart home systems (SHSs)},
    doi={10.1109/JIOT.2017.2707489},
    ISSN={2327-4662},
    month={Dec},
}

@ARTICLE{PRIVACY3,
    author={P. Yang and Z. Cao and X. Dong and T. A. Zia},
    journal={IEEE Communications Letters},
    title={An Efficient Privacy Preserving Data Aggregation Scheme with Constant Communication Overheads for Wireless Sensor Networks},
    year={2011},
    volume={15},
    number={11},
    pages={1205-1207},
    keywords={data privacy;security of data;wireless sensor networks;efficient privacy preserving data aggregation scheme;constant communication overhead;wireless sensor network;preserving data privacy;security scheme;counter attack;active privacy compromising attack;coalition attack;malicious base station;sensor node;Wireless sensor networks;Data privacy;Base stations;Cryptography;Privacy;Protocols;Privacy preserving data aggregation;constant communication overhead;wireless sensor network;robust;compromised node attack;coalition attack;multidimensional},
    doi={10.1109/LCOMM.2011.092911.111598},
    ISSN={1089-7798},
    month={November},
}

@INPROCEEDINGS{OTHER1,
    author={C. Liu and Y. Zhang and H. Zhang},
    booktitle={2013 Ninth International Conference on Computational Intelligence and Security},
    title={A Novel Approach to IoT Security Based on Immunology},
    year={2013},
    volume={},
    number={},
    pages={771-775},
    keywords={computer network security;Internet;Internet of Things;IoT security;biological immunology;Internet-of-things;dispersity attribute;IoT mass attribute;network security models;dynamic defense frame;immunity-based antigen;pathogen recognition;biological immune systems;Security;Detectors;Immune system;Computational modeling;Internet;Educational institutions;Computers;IoT Security;Immunology;Detection;Detector;Security Defense},
    doi={10.1109/CIS.2013.168},
    ISSN={},
    month={Dec},
}

@INPROCEEDINGS{OTHER2,
    author={J. Pacheco and S. Hariri},
    booktitle={2016 IEEE 1st International Workshops on Foundations and Applications of Self* Systems (FAS*W)},
    title={IoT Security Framework for Smart Cyber Infrastructures},
    year={2016},
    volume={},
    number={},
    pages={242-247},
    keywords={cloud computing;computer centres;computer network security;Internet of Things;pattern classification;storage management;smart cyber infrastructures;Internet of Things;advanced information services;real-time processing;data centers;cloud computing;fog computing;storage capacity;computational power;pervasive services;IoT security framework;threat model;security protection;cyber-attacks;anomaly behavior analysis;ABA intrusion detection system;ABA-IDS;attack classification;internet of things;threat model;attack vector;cyber security;smart infrastructures;fog computing},
    doi={10.1109/FAS-W.2016.58},
    ISSN={},
    month={Sep.},
}